@MISC {forbesDataScience,
		author       = "Bernard Marr",
		title        = "Big Data: 20 Mind-Boggling Facts Everyone Must Read",
		howpublished = "Forbes Contributors",
		year         = "2015",
		url 		 = {https://www.forbes.com/sites/bernardmarr/2015/09/30/big-data-20-mind-boggling-facts-everyone-must-read/#215f6e7a17b1},
		note = "last visited: 10/03/2018"
}